@String(PAMI = {IEEE Trans. Pattern Anal. Mach. Intell.})
@String(IJCV = {Int. J. Comput. Vis.})
@String(CVPR= {IEEE Conf. Comput. Vis. Pattern Recog.})
@String(ICCV= {Int. Conf. Comput. Vis.})
@String(ECCV= {Eur. Conf. Comput. Vis.})
@String(NIPS= {Adv. Neural Inform. Process. Syst.})
@String(ICPR = {Int. Conf. Pattern Recog.})
@String(BMVC= {Brit. Mach. Vis. Conf.})
@String(TOG= {ACM Trans. Graph.})
@String(TIP  = {IEEE Trans. Image Process.})
@String(TVCG  = {IEEE Trans. Vis. Comput. Graph.})
@String(TMM  = {IEEE Trans. Multimedia})
@String(ACMMM= {ACM Int. Conf. Multimedia})
@String(ICME = {Int. Conf. Multimedia and Expo})
@String(ICASSP=	{ICASSP})
@String(ICIP = {IEEE Int. Conf. Image Process.})
@String(ACCV  = {ACCV})
@String(ICLR = {Int. Conf. Learn. Represent.})
@String(IJCAI = {IJCAI})
@String(PR   = {Pattern Recognition})
@String(AAAI = {AAAI})
@String(CVPRW= {IEEE Conf. Comput. Vis. Pattern Recog. Worksh.})
@String(CSVT = {IEEE Trans. Circuit Syst. Video Technol.})

@String(SPL	= {IEEE Sign. Process. Letters})
@String(VR   = {Vis. Res.})
@String(JOV	 = {J. Vis.})
@String(TVC  = {The Vis. Comput.})
@String(JCST  = {J. Comput. Sci. Tech.})
@String(CGF  = {Comput. Graph. Forum})
@String(CVM = {Computational Visual Media})


@String(PAMI  = {IEEE TPAMI})
@String(IJCV  = {IJCV})
@String(CVPR  = {CVPR})
@String(ICCV  = {ICCV})
@String(ECCV  = {ECCV})
@String(NIPS  = {NeurIPS})
@String(ICPR  = {ICPR})
@String(BMVC  =	{BMVC})
@String(TOG   = {ACM TOG})
@String(TIP   = {IEEE TIP})
@String(TVCG  = {IEEE TVCG})
@String(TCSVT = {IEEE TCSVT})
@String(TMM   =	{IEEE TMM})
@String(ACMMM = {ACM MM})
@String(ICME  =	{ICME})
@String(ICASSP=	{ICASSP})
@String(ICIP  = {ICIP})
@String(ACCV  = {ACCV})
@String(ICLR  = {ICLR})
@String(IJCAI = {IJCAI})
@String(PR = {PR})
@String(AAAI = {AAAI})
@String(CVPRW= {CVPRW})
@String(CSVT = {IEEE TCSVT})
@inproceedings{yao2013recurrent,
  title={Recurrent neural networks for language understanding.},
  author={Yao, Kaisheng and Zweig, Geoffrey and Hwang, Mei-Yuh and Shi, Yangyang and Yu, Dong},
  booktitle={Interspeech},
  pages={2524--2528},
  year={2013}
}
@article{huang2020challenges,
  title={Challenges in building intelligent open-domain dialog systems},
  author={Huang, Minlie and Zhu, Xiaoyan and Gao, Jianfeng},
  journal={ACM Transactions on Information Systems (TOIS)},
  volume={38},
  number={3},
  pages={1--32},
  year={2020},
  publisher={ACM New York, NY, USA}
}
@article{jiang2019towards,
  title={Towards end-to-end learning for efficient dialogue agent by modeling looking-ahead ability},
  author={Jiang, Zhuoxuan and Mao, Xian-Ling and Huang, Ziming and Ma, Jie and Li, Shaochun},
  journal={arXiv preprint arXiv:1908.05408},
  year={2019}
}
@inproceedings{yarats2018hierarchical,
  title={Hierarchical text generation and planning for strategic dialogue},
  author={Yarats, Denis and Lewis, Mike},
  booktitle={International Conference on Machine Learning},
  pages={5591--5599},
  year={2018},
  organization={PMLR}
}
@article{lewis2017deal,
  title={Deal or no deal? end-to-end learning for negotiation dialogues},
  author={Lewis, Mike and Yarats, Denis and Dauphin, Yann N and Parikh, Devi and Batra, Dhruv},
  journal={arXiv preprint arXiv:1706.05125},
  year={2017}
}
@article{peng2018deep,
  title={Deep dyna-q: Integrating planning for task-completion dialogue policy learning},
  author={Peng, Baolin and Li, Xiujun and Gao, Jianfeng and Liu, Jingjing and Wong, Kam-Fai and Su, Shang-Yu},
  journal={arXiv preprint arXiv:1801.06176},
  year={2018}
}
@article{shi2019build,
  title={How to build user simulators to train rl-based dialog systems},
  author={Shi, Weiyan and Qian, Kun and Wang, Xuewei and Yu, Zhou},
  journal={arXiv preprint arXiv:1909.01388},
  year={2019}
}
@article{li2016user,
  title={A user simulator for task-completion dialogues},
  author={Li, Xiujun and Lipton, Zachary C and Dhingra, Bhuwan and Li, Lihong and Gao, Jianfeng and Chen, Yun-Nung},
  journal={arXiv preprint arXiv:1612.05688},
  year={2016}
}
@inproceedings{schatzmann2007agenda,
  title={Agenda-based user simulation for bootstrapping a POMDP dialogue system},
  author={Schatzmann, Jost and Thomson, Blaise and Weilhammer, Karl and Ye, Hui and Young, Steve},
  booktitle={Human Language Technologies 2007: The Conference of the North American Chapter of the Association for Computational Linguistics; Companion Volume, Short Papers},
  pages={149--152},
  year={2007}
}
@article{mnih2015human,
  title={Human-level control through deep reinforcement learning},
  author={Mnih, Volodymyr and Kavukcuoglu, Koray and Silver, David and Rusu, Andrei A and Veness, Joel and Bellemare, Marc G and Graves, Alex and Riedmiller, Martin and Fidjeland, Andreas K and Ostrovski, Georg and others},
  journal={nature},
  volume={518},
  number={7540},
  pages={529--533},
  year={2015},
  publisher={Nature Publishing Group}
}
@article{su2016line,
  title={On-line active reward learning for policy optimisation in spoken dialogue systems},
  author={Su, Pei-Hao and Gasic, Milica and Mrksic, Nikola and Rojas-Barahona, Lina and Ultes, Stefan and Vandyke, David and Wen, Tsung-Hsien and Young, Steve},
  journal={arXiv preprint arXiv:1605.07669},
  year={2016}
}
@article{yang2012predicting,
  title={Predicting user satisfaction in spoken dialog system evaluation with collaborative filtering},
  author={Yang, Zhaojun and Levow, Gina-Anne and Meng, Helen},
  journal={IEEE Journal of Selected Topics in Signal Processing},
  volume={6},
  number={8},
  pages={971--981},
  year={2012},
  publisher={IEEE}
}
@article{su2018reward,
  title={Reward estimation for dialogue policy optimisation},
  author={Su, Pei-Hao and Ga{\v{s}}i{\'c}, Milica and Young, Steve},
  journal={Computer Speech \& Language},
  volume={51},
  pages={24--43},
  year={2018},
  publisher={Elsevier}
}
@book{ren2020scalable,
  title={Scalable and accurate dialogue state tracking via hierarchical sequence generation},
  author={Ren, Liliang},
  year={2020},
  publisher={University of California, San Diego}
}
@inproceedings{rastogi2020towards,
  title={Towards scalable multi-domain conversational agents: The schema-guided dialogue dataset},
  author={Rastogi, Abhinav and Zang, Xiaoxue and Sunkara, Srinivas and Gupta, Raghav and Khaitan, Pranav},
  booktitle={Proceedings of the AAAI Conference on Artificial Intelligence},
  volume={34},
  number={05},
  pages={8689--8696},
  year={2020}
}
@inproceedings{rastogi2020towards,
  title={Towards scalable multi-domain conversational agents: The schema-guided dialogue dataset},
  author={Rastogi, Abhinav and Zang, Xiaoxue and Sunkara, Srinivas and Gupta, Raghav and Khaitan, Pranav},
  booktitle={Proceedings of the AAAI Conference on Artificial Intelligence},
  volume={34},
  number={05},
  pages={8689--8696},
  year={2020}
}
@article{budzianowski2018multiwoz,
  title={MultiWOZ--A Large-Scale Multi-Domain Wizard-of-Oz Dataset for Task-Oriented Dialogue Modelling},
  author={Budzianowski, Pawe{\l} and Wen, Tsung-Hsien and Tseng, Bo-Hsiang and Casanueva, Inigo and Ultes, Stefan and Ramadan, Osman and Ga{\v{s}}i{\'c}, Milica},
  journal={arXiv preprint arXiv:1810.00278},
  year={2018}
}
@article{gu2016incorporating,
  title={Incorporating copying mechanism in sequence-to-sequence learning},
  author={Gu, Jiatao and Lu, Zhengdong and Li, Hang and Li, Victor OK},
  journal={arXiv preprint arXiv:1603.06393},
  year={2016}
}
@inproceedings{zhang2019neural,
  title={Neural multimodal belief tracker with adaptive attention for dialogue systems},
  author={Zhang, Zheng and Liao, Lizi and Huang, Minlie and Zhu, Xiaoyan and Chua, Tat-Seng},
  booktitle={The World Wide Web Conference},
  pages={2401--2412},
  year={2019}
}
@inproceedings{zhang2019neural,
  title={Neural multimodal belief tracker with adaptive attention for dialogue systems},
  author={Zhang, Zheng and Liao, Lizi and Huang, Minlie and Zhu, Xiaoyan and Chua, Tat-Seng},
  booktitle={The World Wide Web Conference},
  pages={2401--2412},
  year={2019}
}
@article{zhang2019memory,
  title={Memory-augmented dialogue management for task-oriented dialogue systems},
  author={Zhang, Zheng and Huang, Minlie and Zhao, Zhongzhou and Ji, Feng and Chen, Haiqing and Zhu, Xiaoyan},
  journal={ACM Transactions on Information Systems (TOIS)},
  volume={37},
  number={3},
  pages={1--30},
  year={2019},
  publisher={ACM New York, NY, USA}
}
@inproceedings{henderson2013deep,
  title={Deep neural network approach for the dialog state tracking challenge},
  author={Henderson, Matthew and Thomson, Blaise and Young, Steve},
  booktitle={Proceedings of the SIGDIAL 2013 Conference},
  pages={467--471},
  year={2013}
}
@article{mrkvsic2016neural,
  title={Neural belief tracker: Data-driven dialogue state tracking},
  author={Mrk{\v{s}}i{\'c}, Nikola and S{\'e}aghdha, Diarmuid O and Wen, Tsung-Hsien and Thomson, Blaise and Young, Steve},
  journal={arXiv preprint arXiv:1606.03777},
  year={2016}
}
@inproceedings{henderson2014word,
  title={Word-based dialog state tracking with recurrent neural networks},
  author={Henderson, Matthew and Thomson, Blaise and Young, Steve},
  booktitle={Proceedings of the 15th Annual Meeting of the Special Interest Group on Discourse and Dialogue (SIGDIAL)},
  pages={292--299},
  year={2014}
}
@article{liang2016neural,
  title={Neural symbolic machines: Learning semantic parsers on freebase with weak supervision},
  author={Liang, Chen and Berant, Jonathan and Le, Quoc and Forbus, Kenneth D and Lao, Ni},
  journal={arXiv preprint arXiv:1611.00020},
  year={2016}
}
@article{segler2017neural,
  title={Neural-symbolic machine learning for retrosynthesis and reaction prediction},
  author={Segler, Marwin HS and Waller, Mark P},
  journal={Chemistry--A European Journal},
  volume={23},
  number={25},
  pages={5966--5971},
  year={2017},
  publisher={Wiley Online Library}
}
@article{zheng2020out,
  title={Out-of-domain detection for natural language understanding in dialog systems},
  author={Zheng, Yinhe and Chen, Guanyi and Huang, Minlie},
  journal={IEEE/ACM Transactions on Audio, Speech, and Language Processing},
  volume={28},
  pages={1198--1209},
  year={2020},
  publisher={IEEE}
}
@article{mehri2019pretraining,
  title={Pretraining methods for dialog context representation learning},
  author={Mehri, Shikib and Razumovskaia, Evgeniia and Zhao, Tiancheng and Eskenazi, Maxine},
  journal={arXiv preprint arXiv:1906.00414},
  year={2019}
}
@article{peng2020few,
  title={Few-shot natural language generation for task-oriented dialog},
  author={Peng, Baolin and Zhu, Chenguang and Li, Chunyuan and Li, Xiujun and Li, Jinchao and Zeng, Michael and Gao, Jianfeng},
  journal={arXiv preprint arXiv:2002.12328},
  year={2020}
}
@article{radford2018improving,
  title={Improving language understanding by generative pre-training},
  author={Radford, Alec and Narasimhan, Karthik and Salimans, Tim and Sutskever, Ilya},
  year={2018}
}
@inproceedings{DBLP:conf/naacl/PetersNIGCLZ18,
  author    = {Matthew E. Peters and
               Mark Neumann and
               Mohit Iyyer and
               Matt Gardner and
               Christopher Clark and
               Kenton Lee and
               Luke Zettlemoyer},
  editor    = {Marilyn A. Walker and
               Heng Ji and
               Amanda Stent},
  title     = {Deep Contextualized Word Representations},
  booktitle = {Proceedings of the 2018 Conference of the North American Chapter of
               the Association for Computational Linguistics: Human Language Technologies,
               {NAACL-HLT} 2018, New Orleans, Louisiana, USA, June 1-6, 2018, Volume
               1 (Long Papers)},
  pages     = {2227--2237},
  publisher = {Association for Computational Linguistics},
  year      = {2018},
  url       = {https://doi.org/10.18653/v1/n18-1202},
  doi       = {10.18653/v1/n18-1202},
  timestamp = {Fri, 06 Aug 2021 00:41:32 +0200},
  biburl    = {https://dblp.org/rec/conf/naacl/PetersNIGCLZ18.bib},
  bibsource = {dblp computer science bibliography, https://dblp.org}
}
@article{devlin2018bert,
  title={Bert: Pre-training of deep bidirectional transformers for language understanding},
  author={Devlin, Jacob and Chang, Ming-Wei and Lee, Kenton and Toutanova, Kristina},
  journal={arXiv preprint arXiv:1810.04805},
  year={2018}
}
@article{lin2019task,
  title={Task-oriented conversation generation using heterogeneous memory networks},
  author={Lin, Zehao and Huang, Xinjing and Ji, Feng and Chen, Haiqing and Zhang, Ying},
  journal={arXiv preprint arXiv:1909.11287},
  year={2019}
}
@inproceedings{lei2018sequicity,
  title={Sequicity: Simplifying task-oriented dialogue systems with single sequence-to-sequence architectures},
  author={Lei, Wenqiang and Jin, Xisen and Kan, Min-Yen and Ren, Zhaochun and He, Xiangnan and Yin, Dawei},
  booktitle={Proceedings of the 56th Annual Meeting of the Association for Computational Linguistics (Volume 1: Long Papers)},
  pages={1437--1447},
  year={2018}
}
@article{wen2016network,
  title={A network-based end-to-end trainable task-oriented dialogue system},
  author={Wen, Tsung-Hsien and Vandyke, David and Mrksic, Nikola and Gasic, Milica and Rojas-Barahona, Lina M and Su, Pei-Hao and Ultes, Stefan and Young, Steve},
  journal={arXiv preprint arXiv:1604.04562},
  year={2016}
}
@article{qin2019entity,
  title={Entity-consistent end-to-end task-oriented dialogue system with kb retriever},
  author={Qin, Libo and Liu, Yijia and Che, Wanxiang and Wen, Haoyang and Li, Yangming and Liu, Ting},
  journal={arXiv preprint arXiv:1909.06762},
  year={2019}
}
@article{wu2019global,
  title={Global-to-local memory pointer networks for task-oriented dialogue},
  author={Wu, Chien-Sheng and Socher, Richard and Xiong, Caiming},
  journal={arXiv preprint arXiv:1901.04713},
  year={2019}
}
@article{madotto2018mem2seq,
  title={Mem2seq: Effectively incorporating knowledge bases into end-to-end task-oriented dialog systems},
  author={Madotto, Andrea and Wu, Chien-Sheng and Fung, Pascale},
  journal={arXiv preprint arXiv:1804.08217},
  year={2018}
}
@article{su2016line,
  title={On-line active reward learning for policy optimisation in spoken dialogue systems},
  author={Su, Pei-Hao and Gasic, Milica and Mrksic, Nikola and Rojas-Barahona, Lina and Ultes, Stefan and Vandyke, David and Wen, Tsung-Hsien and Young, Steve},
  journal={arXiv preprint arXiv:1605.07669},
  year={2016}
}
@article{eric2017copy,
  title={A copy-augmented sequence-to-sequence architecture gives good performance on task-oriented dialogue},
  author={Eric, Mihail and Manning, Christopher D},
  journal={arXiv preprint arXiv:1701.04024},
  year={2017}
}
@article{peng2020few,
  title={Few-shot natural language generation for task-oriented dialog},
  author={Peng, Baolin and Zhu, Chenguang and Li, Chunyuan and Li, Xiujun and Li, Jinchao and Zeng, Michael and Gao, Jianfeng},
  journal={arXiv preprint arXiv:2002.12328},
  year={2020}
}
@book{ren2020scalable,
  title={Scalable and accurate dialogue state tracking via hierarchical sequence generation},
  author={Ren, Liliang},
  year={2020},
  publisher={University of California, San Diego}
}
@article{budzianowski2018multiwoz,
  title={MultiWOZ--A Large-Scale Multi-Domain Wizard-of-Oz Dataset for Task-Oriented Dialogue Modelling},
  author={Budzianowski, Pawe{\l} and Wen, Tsung-Hsien and Tseng, Bo-Hsiang and Casanueva, Inigo and Ultes, Stefan and Ramadan, Osman and Ga{\v{s}}i{\'c}, Milica},
  journal={arXiv preprint arXiv:1810.00278},
  year={2018}
}
@article{lee2019convlab,
  title={Convlab: Multi-domain end-to-end dialog system platform},
  author={Lee, Sungjin and Zhu, Qi and Takanobu, Ryuichi and Li, Xiang and Zhang, Yaoqin and Zhang, Zheng and Li, Jinchao and Peng, Baolin and Li, Xiujun and Huang, Minlie and others},
  journal={arXiv preprint arXiv:1904.08637},
  year={2019}
}
@article{wolf2019transfertransfo,
  title={Transfertransfo: A transfer learning approach for neural network based conversational agents},
  author={Wolf, Thomas and Sanh, Victor and Chaumond, Julien and Delangue, Clement},
  journal={arXiv preprint arXiv:1901.08149},
  year={2019}
}
@article{budzianowski2019hello,
  title={Hello, it's GPT-2--how can I help you? towards the use of pretrained language models for task-oriented dialogue systems},
  author={Budzianowski, Pawe{\l} and Vuli{\'c}, Ivan},
  journal={arXiv preprint arXiv:1907.05774},
  year={2019}
}
@article{su2016line,
  title={On-line active reward learning for policy optimisation in spoken dialogue systems},
  author={Su, Pei-Hao and Gasic, Milica and Mrksic, Nikola and Rojas-Barahona, Lina and Ultes, Stefan and Vandyke, David and Wen, Tsung-Hsien and Young, Steve},
  journal={arXiv preprint arXiv:1605.07669},
  year={2016}
}
@inproceedings{xu2019unsupervised,
  title={Unsupervised dialogue spectrum generation for log dialogue ranking},
  author={Xu, Xinnuo and Zhang, Yizhe and Liden, Lars and Lee, Sungjin},
  booktitle={Proceedings of the 20th Annual SIGdial Meeting on Discourse and Dialogue},
  pages={143--154},
  year={2019}
}
@article{liu2018adversarial,
  title={Adversarial learning of task-oriented neural dialog models},
  author={Liu, Bing and Lane, Ian},
  journal={arXiv preprint arXiv:1805.11762},
  year={2018}
}
@article{ren2018towards,
  title={Towards universal dialogue state tracking},
  author={Ren, Liliang and Xie, Kaige and Chen, Lu and Yu, Kai},
  journal={arXiv preprint arXiv:1810.09587},
  year={2018}
}
@inproceedings{rastogi2017scalable,
  title={Scalable multi-domain dialogue state tracking},
  author={Rastogi, Abhinav and Hakkani-T{\"u}r, Dilek and Heck, Larry},
  booktitle={2017 IEEE Automatic Speech Recognition and Understanding Workshop (ASRU)},
  pages={561--568},
  year={2017},
  organization={IEEE}
}
@inproceedings{chen2018policy,
  title={Policy adaptation for deep reinforcement learning-based dialogue management},
  author={Chen, Lu and Chang, Cheng and Chen, Zhi and Tan, Bowen and Ga{\v{s}}i{\'c}, Milica and Yu, Kai},
  booktitle={2018 IEEE International Conference on Acoustics, Speech and Signal Processing (ICASSP)},
  pages={6074--6078},
  year={2018},
  organization={IEEE}
}
@article{ilievski2018goal,
  title={Goal-oriented chatbot dialog management bootstrapping with transfer learning},
  author={Ilievski, Vladimir and Musat, Claudiu and Hossmann, Andreea and Baeriswyl, Michael},
  journal={arXiv preprint arXiv:1802.00500},
  year={2018}
}
@article{mrkvsic2015multi,
  title={Multi-domain dialog state tracking using recurrent neural networks},
  author={Mrk{\v{s}}i{\'c}, Nikola and S{\'e}aghdha, Diarmuid O and Thomson, Blaise and Ga{\v{s}}i{\'c}, Milica and Su, Pei-Hao and Vandyke, David and Wen, Tsung-Hsien and Young, Steve},
  journal={arXiv preprint arXiv:1506.07190},
  year={2015}
}
@article{shi2019build,
  title={How to build user simulators to train rl-based dialog systems},
  author={Shi, Weiyan and Qian, Kun and Wang, Xuewei and Yu, Zhou},
  journal={arXiv preprint arXiv:1909.01388},
  year={2019}
}
@inproceedings{liu2020attention,
  title={Attention-informed mixed-language training for zero-shot cross-lingual task-oriented dialogue systems},
  author={Liu, Zihan and Winata, Genta Indra and Lin, Zhaojiang and Xu, Peng and Fung, Pascale},
  booktitle={Proceedings of the AAAI Conference on Artificial Intelligence},
  volume={34},
  number={05},
  pages={8433--8440},
  year={2020}
}
@article{schuster2018cross,
  title={Cross-lingual transfer learning for multilingual task oriented dialog},
  author={Schuster, Sebastian and Gupta, Sonal and Shah, Rushin and Lewis, Mike},
  journal={arXiv preprint arXiv:1810.13327},
  year={2018}
}
@inproceedings{li2020results,
  title={Results of the multi-domain task-completion dialog challenge},
  author={Li, Jinchao and Peng, Baolin and Lee, Sungjin and Gao, Jianfeng and Takanobu, Ryuichi and Zhu, Qi and Huang, Minlie and Schulz, Hannes and Atkinson, Adam and Adada, Mahmoud},
  booktitle={Proceedings of the 34th AAAI Conference on Artificial Intelligence, Eighth Dialog System Technology Challenge Workshop},
  year={2020}
}
@article{takanobu2019guided,
  title={Guided dialog policy learning: Reward estimation for multi-domain task-oriented dialog},
  author={Takanobu, Ryuichi and Zhu, Hanlin and Huang, Minlie},
  journal={arXiv preprint arXiv:1908.10719},
  year={2019}
}
@article{liu2018adversarial,
  title={Adversarial learning of task-oriented neural dialog models},
  author={Liu, Bing and Lane, Ian},
  journal={arXiv preprint arXiv:1805.11762},
  year={2018}
}
@article{wen2016network,
  title={A network-based end-to-end trainable task-oriented dialogue system},
  author={Wen, Tsung-Hsien and Vandyke, David and Mrksic, Nikola and Gasic, Milica and Rojas-Barahona, Lina M and Su, Pei-Hao and Ultes, Stefan and Young, Steve},
  journal={arXiv preprint arXiv:1604.04562},
  year={2016}
}
@article{pietquin2013survey,
  title={A survey on metrics for the evaluation of user simulations},
  author={Pietquin, Olivier and Hastie, Helen},
  journal={The knowledge engineering review},
  volume={28},
  number={1},
  pages={59--73},
  year={2013},
  publisher={Cambridge University Press}
}
@article{zhu2020convlab,
  title={Convlab-2: An open-source toolkit for building, evaluating, and diagnosing dialogue systems},
  author={Zhu, Qi and Zhang, Zheng and Fang, Yan and Li, Xiang and Takanobu, Ryuichi and Li, Jinchao and Peng, Baolin and Gao, Jianfeng and Zhu, Xiaoyan and Huang, Minlie},
  journal={arXiv preprint arXiv:2002.04793},
  year={2020}
}
@article{lee2019convlab,
  title={Convlab: Multi-domain end-to-end dialog system platform},
  author={Lee, Sungjin and Zhu, Qi and Takanobu, Ryuichi and Li, Xiang and Zhang, Yaoqin and Zhang, Zheng and Li, Jinchao and Peng, Baolin and Li, Xiujun and Huang, Minlie and others},
  journal={arXiv preprint arXiv:1904.08637},
  year={2019}
}
@inproceedings{ultes2017pydial,
  title={Pydial: A multi-domain statistical dialogue system toolkit},
  author={Ultes, Stefan and Barahona, Lina M Rojas and Su, Pei-Hao and Vandyke, David and Kim, Dongho and Casanueva, Inigo and Budzianowski, Pawe{\l} and Mrk{\v{s}}i{\'c}, Nikola and Wen, Tsung-Hsien and Gasic, Milica and others},
  booktitle={Proceedings of ACL 2017, System Demonstrations},
  pages={73--78},
  year={2017}
}
@article{takanobu2020your,
  title={Is your goal-oriented dialog model performing really well? empirical analysis of system-wise evaluation},
  author={Takanobu, Ryuichi and Zhu, Qi and Li, Jinchao and Peng, Baolin and Gao, Jianfeng and Huang, Minlie},
  journal={arXiv preprint arXiv:2005.07362},
  year={2020}
}
@article{walker1997paradise,
  title={PARADISE: A framework for evaluating spoken dialogue agents},
  author={Walker, Marilyn A and Litman, Diane J and Kamm, Candace A and Abella, Alicia},
  journal={arXiv preprint cmp-lg/9704004},
  year={1997}
}
@inproceedings{liu2017iterative,
  title={Iterative policy learning in end-to-end trainable task-oriented neural dialog models},
  author={Liu, Bing and Lane, Ian},
  booktitle={2017 IEEE Automatic Speech Recognition and Understanding Workshop (ASRU)},
  pages={482--489},
  year={2017},
  organization={IEEE}
}
@article{li2017end,
  title={End-to-end task-completion neural dialogue systems},
  author={Li, Xiujun and Chen, Yun-Nung and Li, Lihong and Gao, Jianfeng and Celikyilmaz, Asli},
  journal={arXiv preprint arXiv:1703.01008},
  year={2017}
}
@article{dhingra2016towards,
  title={Towards end-to-end reinforcement learning of dialogue agents for information access},
  author={Dhingra, Bhuwan and Li, Lihong and Li, Xiujun and Gao, Jianfeng and Chen, Yun-Nung and Ahmed, Faisal and Deng, Li},
  journal={arXiv preprint arXiv:1609.00777},
  year={2016}
}
@article{williams2017hybrid,
  title={Hybrid code networks: practical and efficient end-to-end dialog control with supervised and reinforcement learning},
  author={Williams, Jason D and Asadi, Kavosh and Zweig, Geoffrey},
  journal={arXiv preprint arXiv:1702.03274},
  year={2017}
}
@article{zhao2016towards,
  title={Towards end-to-end learning for dialog state tracking and management using deep reinforcement learning},
  author={Zhao, Tiancheng and Eskenazi, Maxine},
  journal={arXiv preprint arXiv:1606.02560},
  year={2016}
}
@inproceedings{lei2018sequicity,
  title={Sequicity: Simplifying task-oriented dialogue systems with single sequence-to-sequence architectures},
  author={Lei, Wenqiang and Jin, Xisen and Kan, Min-Yen and Ren, Zhaochun and He, Xiangnan and Yin, Dawei},
  booktitle={Proceedings of the 56th Annual Meeting of the Association for Computational Linguistics (Volume 1: Long Papers)},
  pages={1437--1447},
  year={2018}
}
@article{eric2017key,
  title={Key-value retrieval networks for task-oriented dialogue},
  author={Eric, Mihail and Manning, Christopher D},
  journal={arXiv preprint arXiv:1705.05414},
  year={2017}
}
@article{madotto2018mem2seq,
  title={Mem2seq: Effectively incorporating knowledge bases into end-to-end task-oriented dialog systems},
  author={Madotto, Andrea and Wu, Chien-Sheng and Fung, Pascale},
  journal={arXiv preprint arXiv:1804.08217},
  year={2018}
}
@article{bordes2016learning,
  title={Learning end-to-end goal-oriented dialog},
  author={Bordes, Antoine and Boureau, Y-Lan and Weston, Jason},
  journal={arXiv preprint arXiv:1605.07683},
  year={2016}
}
@inproceedings{DBLP:conf/eacl/Rojas-BarahonaG17,
  author    = {Tsung{-}Hsien Wen and
               David Vandyke and
               Nikola Mrksic and
               Milica Gasic and
               Lina Maria Rojas{-}Barahona and
               Pei{-}Hao Su and
               Stefan Ultes and
               Steve J. Young},
  editor    = {Mirella Lapata and
               Phil Blunsom and
               Alexander Koller},
  title     = {A Network-based End-to-End Trainable Task-oriented Dialogue System},
  booktitle = {Proceedings of the 15th Conference of the European Chapter of the
               Association for Computational Linguistics, {EACL} 2017, Valencia,
               Spain, April 3-7, 2017, Volume 1: Long Papers},
  pages     = {438--449},
  publisher = {Association for Computational Linguistics},
  year      = {2017},
  url       = {https://doi.org/10.18653/v1/e17-1042},
  doi       = {10.18653/v1/e17-1042},
  timestamp = {Fri, 06 Aug 2021 00:40:45 +0200},
  biburl    = {https://dblp.org/rec/conf/eacl/Rojas-BarahonaG17.bib},
  bibsource = {dblp computer science bibliography, https://dblp.org}
}
@inproceedings{gao2018neural,
  title={Neural approaches to conversational ai},
  author={Gao, Jianfeng and Galley, Michel and Li, Lihong},
  booktitle={The 41st International ACM SIGIR Conference on Research \& Development in Information Retrieval},
  pages={1371--1374},
  year={2018}
}
@article{wen2016multi,
  title={Multi-domain neural network language generation for spoken dialogue systems},
  author={Wen, Tsung-Hsien and Gasic, Milica and Mrksic, Nikola and Rojas-Barahona, Lina M and Su, Pei-Hao and Vandyke, David and Young, Steve},
  journal={arXiv preprint arXiv:1603.01232},
  year={2016}
}
@article{wen2016conditional,
  title={Conditional generation and snapshot learning in neural dialogue systems},
  author={Wen, Tsung-Hsien and Gasic, Milica and Mrksic, Nikola and Rojas-Barahona, Lina M and Su, Pei-Hao and Ultes, Stefan and Vandyke, David and Young, Steve},
  journal={arXiv preprint arXiv:1606.03352},
  year={2016}
}
@article{shang2015neural,
  title={Neural responding machine for short-text conversation},
  author={Shang, Lifeng and Lu, Zhengdong and Li, Hang},
  journal={arXiv preprint arXiv:1503.02364},
  year={2015}
}
@article{vinyals2015neural,
  title={A neural conversational model},
  author={Vinyals, Oriol and Le, Quoc},
  journal={arXiv preprint arXiv:1506.05869},
  year={2015}
}
@inproceedings{sutskever2011generating,
  title={Generating text with recurrent neural networks},
  author={Sutskever, Ilya and Martens, James and Hinton, Geoffrey E},
  booktitle={ICML},
  year={2011}
}
@inproceedings{sutskever2014sequence,
  title={Sequence to sequence learning with neural networks},
  author={Sutskever, Ilya and Vinyals, Oriol and Le, Quoc V},
  booktitle={Advances in neural information processing systems},
  pages={3104--3112},
  year={2014}
}
@article{graves2014neural,
  title={Neural turing machines},
  author={Graves, Alex and Wayne, Greg and Danihelka, Ivo},
  journal={arXiv preprint arXiv:1410.5401},
  year={2014}
}
@inproceedings{sutskever2014sequence,
  title={Sequence to sequence learning with neural networks},
  author={Sutskever, Ilya and Vinyals, Oriol and Le, Quoc V},
  booktitle={Advances in neural information processing systems},
  pages={3104--3112},
  year={2014}
}
@article{cho2014learning,
  title={Learning phrase representations using RNN encoder-decoder for statistical machine translation},
  author={Cho, Kyunghyun and Van Merri{\"e}nboer, Bart and Gulcehre, Caglar and Bahdanau, Dzmitry and Bougares, Fethi and Schwenk, Holger and Bengio, Yoshua},
  journal={arXiv preprint arXiv:1406.1078},
  year={2014}
}
@article{graves2008novel,
  title={A novel connectionist system for unconstrained handwriting recognition},
  author={Graves, Alex and Liwicki, Marcus and Fern{\'a}ndez, Santiago and Bertolami, Roman and Bunke, Horst and Schmidhuber, J{\"u}rgen},
  journal={IEEE transactions on pattern analysis and machine intelligence},
  volume={31},
  number={5},
  pages={855--868},
  year={2008},
  publisher={IEEE}
}
@inproceedings{graves2013speech,
  title={Speech recognition with deep recurrent neural networks},
  author={Graves, Alex and Mohamed, Abdel-rahman and Hinton, Geoffrey},
  booktitle={2013 IEEE international conference on acoustics, speech and signal processing},
  pages={6645--6649},
  year={2013},
  organization={Ieee}
}
@article{hochreiter1997long,
  title={Long short-term memory},
  author={Hochreiter, Sepp and Schmidhuber, J{\"u}rgen},
  journal={Neural computation},
  volume={9},
  number={8},
  pages={1735--1780},
  year={1997},
  publisher={MIT Press}
}
@article{bengio1994learning,
  title={Learning long-term dependencies with gradient descent is difficult},
  author={Bengio, Yoshua and Simard, Patrice and Frasconi, Paolo},
  journal={IEEE transactions on neural networks},
  volume={5},
  number={2},
  pages={157--166},
  year={1994},
  publisher={IEEE}
}
@inproceedings{zhang2014chinese,
  title={Chinese poetry generation with recurrent neural networks},
  author={Zhang, Xingxing and Lapata, Mirella},
  booktitle={Proceedings of the 2014 Conference on Empirical Methods in Natural Language Processing (EMNLP)},
  pages={670--680},
  year={2014}
}
@inproceedings{karpathy2015deep,
  title={Deep visual-semantic alignments for generating image descriptions},
  author={Karpathy, Andrej and Fei-Fei, Li},
  booktitle={Proceedings of the IEEE conference on computer vision and pattern recognition},
  pages={3128--3137},
  year={2015}
}
@inproceedings{mikolov2011extensions,
  title={Extensions of recurrent neural network language model},
  author={Mikolov, Tom{\'a}{\v{s}} and Kombrink, Stefan and Burget, Luk{\'a}{\v{s}} and {\v{C}}ernock{\`y}, Jan and Khudanpur, Sanjeev},
  booktitle={2011 IEEE international conference on acoustics, speech and signal processing (ICASSP)},
  pages={5528--5531},
  year={2011},
  organization={IEEE}
}
@inproceedings{mikolov2010recurrent,
  title={Recurrent neural network based language model.},
  author={Mikolov, Tomas and Karafi{\'a}t, Martin and Burget, Lukas and Cernock{\`y}, Jan and Khudanpur, Sanjeev},
  booktitle={Interspeech},
  volume={2},
  number={3},
  pages={1045--1048},
  year={2010},
  organization={Makuhari}
}
@incollection{kukich1987phrases,
  title={Where do phrases come from: Some preliminary experiments in connectionist phrase generation},
  author={Kukich, Karen},
  booktitle={Natural language generation},
  pages={405--421},
  year={1987},
  publisher={Springer}
}
@inproceedings{angeli2010simple,
  title={A simple domain-independent probabilistic approach to generation},
  author={Angeli, Gabor and Liang, Percy and Klein, Dan},
  booktitle={Proceedings of the 2010 Conference on Empirical Methods in Natural Language Processing},
  pages={502--512},
  year={2010}
}
@inproceedings{mairesse2010phrase,
  title={Phrase-based statistical language generation using graphical models and active learning},
  author={Mairesse, Fran{\c{c}}ois and Gasic, Milica and Jurcicek, Filip and Keizer, Simon and Thomson, Blaise and Yu, Kai and Young, Steve},
  booktitle={Proceedings of the 48th Annual Meeting of the Association for Computational Linguistics},
  pages={1552--1561},
  year={2010}
}
@article{mairesse2014stochastic,
  title={Stochastic language generation in dialogue using factored language models},
  author={Mairesse, Fran{\c{c}}ois and Young, Steve},
  journal={Computational Linguistics},
  volume={40},
  number={4},
  pages={763--799},
  year={2014},
  publisher={MIT Press One Rogers Street, Cambridge, MA 02142-1209, USA journals-info~…}
}
@article{ratnaparkhi2002trainable,
  title={Trainable approaches to surface natural language generation and their application to conversational dialog systems},
  author={Ratnaparkhi, Adwait},
  journal={Computer Speech \& Language},
  volume={16},
  number={3-4},
  pages={435--455},
  year={2002},
  publisher={Elsevier}
}
@inproceedings{oh2000stochastic,
  title={Stochastic language generation for spoken dialogue systems},
  author={Oh, Alice and Rudnicky, Alexander},
  booktitle={ANLP-NAACL 2000 Workshop: Conversational Systems},
  year={2000}
}
@article{mann1988rhetorical,
  title={Rhetorical structure theory: Toward a functional theory of text organization},
  author={Mann, William C and Thompson, Sandra A},
  journal={Text-interdisciplinary Journal for the Study of Discourse},
  volume={8},
  number={3},
  pages={243--281},
  year={1988},
  publisher={Walter de Gruyter, Berlin/New York}
}
@incollection{rieser2009natural,
  title={Natural language generation as planning under uncertainty for spoken dialogue systems},
  author={Rieser, Verena and Lemon, Oliver},
  booktitle={Empirical methods in natural language generation},
  pages={105--120},
  year={2009},
  publisher={Springer}
}
@inproceedings{stent2009evaluating,
  title={Evaluating automatic extraction of rules for sentence plan construction},
  author={Stent, Amanda and Molina, Martin},
  booktitle={Proceedings of the SIGDIAL 2009 Conference},
  pages={290--297},
  year={2009}
}
@article{belz2008automatic,
  title={Automatic generation of weather forecast texts using comprehensive probabilistic generation-space models},
  author={Belz, Anja},
  journal={Natural Language Engineering},
  volume={14},
  number={4},
  pages={431--455},
  year={2008},
  publisher={Cambridge University Press}
}
@article{walker2002training,
  title={Training a sentence planner for spoken dialogue using boosting},
  author={Walker, Marilyn A and Rambow, Owen C and Rogati, Monica},
  journal={Computer Speech \& Language},
  volume={16},
  number={3-4},
  pages={409--433},
  year={2002},
  publisher={Elsevier}
}
@article{young2013pomdp,
  title={Pomdp-based statistical spoken dialog systems: A review},
  author={Young, Steve and Ga{\v{s}}i{\'c}, Milica and Thomson, Blaise and Williams, Jason D},
  journal={Proceedings of the IEEE},
  volume={101},
  number={5},
  pages={1160--1179},
  year={2013},
  publisher={IEEE}
}
@article{gavsic2013gaussian,
  title={Gaussian processes for pomdp-based dialogue manager optimization},
  author={Ga{\v{s}}i{\'c}, Milica and Young, Steve},
  journal={IEEE/ACM Transactions on Audio, Speech, and Language Processing},
  volume={22},
  number={1},
  pages={28--40},
  year={2013},
  publisher={IEEE}
}
@article{lagoudakis2003least,
  title={Least-squares policy iteration},
  author={Lagoudakis, Michail G and Parr, Ronald},
  journal={The Journal of Machine Learning Research},
  volume={4},
  pages={1107--1149},
  year={2003},
  publisher={JMLR. org}
}
@article{pietquin2011sample,
  title={Sample-efficient batch reinforcement learning for dialogue management optimization},
  author={Pietquin, Olivier and Geist, Matthieu and Chandramohan, Senthilkumar and Frezza-Buet, Herv{\'e}},
  journal={ACM Transactions on Speech and Language Processing (TSLP)},
  volume={7},
  number={3},
  pages={1--21},
  year={2011},
  publisher={ACM New York, NY, USA}
}
@article{su2015reward,
  title={Reward shaping with recurrent neural networks for speeding up on-line policy learning in spoken dialogue systems},
  author={Su, Pei-Hao and Vandyke, David and Gasic, Milica and Mrksic, Nikola and Wen, Tsung-Hsien and Young, Steve},
  journal={arXiv preprint arXiv:1508.03391},
  year={2015}
}
@inproceedings{lu2019goal,
  title={Goal-oriented dialogue policy learning from failures},
  author={Lu, Keting and Zhang, Shiqi and Chen, Xiaoping},
  booktitle={Proceedings of the AAAI Conference on Artificial Intelligence},
  volume={33},
  number={01},
  pages={2596--2603},
  year={2019}
}
@article{andrychowicz2017hindsight,
  title={Hindsight experience replay},
  author={Andrychowicz, Marcin and Wolski, Filip and Ray, Alex and Schneider, Jonas and Fong, Rachel and Welinder, Peter and McGrew, Bob and Tobin, Josh and Abbeel, Pieter and Zaremba, Wojciech},
  journal={arXiv preprint arXiv:1707.01495},
  year={2017}
}
@inproceedings{liu2017iterative,
  title={Iterative policy learning in end-to-end trainable task-oriented neural dialog models},
  author={Liu, Bing and Lane, Ian},
  booktitle={2017 IEEE Automatic Speech Recognition and Understanding Workshop (ASRU)},
  pages={482--489},
  year={2017},
  organization={IEEE}
}
@inproceedings{henderson2014robust,
  title={Robust dialog state tracking using delexicalised recurrent neural networks and unsupervised adaptation},
  author={Henderson, Matthew and Thomson, Blaise and Young, Steve},
  booktitle={2014 IEEE Spoken Language Technology Workshop (SLT)},
  pages={360--365},
  year={2014},
  organization={IEEE}
}
@article{li2017end,
  title={End-to-end task-completion neural dialogue systems},
  author={Li, Xiujun and Chen, Yun-Nung and Li, Lihong and Gao, Jianfeng and Celikyilmaz, Asli},
  journal={arXiv preprint arXiv:1703.01008},
  year={2017}
}
@article{dhingra2016towards,
  title={Towards end-to-end reinforcement learning of dialogue agents for information access},
  author={Dhingra, Bhuwan and Li, Lihong and Li, Xiujun and Gao, Jianfeng and Chen, Yun-Nung and Ahmed, Faisal and Deng, Li},
  journal={arXiv preprint arXiv:1609.00777},
  year={2016}
}
@article{williams2017hybrid,
  title={Hybrid code networks: practical and efficient end-to-end dialog control with supervised and reinforcement learning},
  author={Williams, Jason D and Asadi, Kavosh and Zweig, Geoffrey},
  journal={arXiv preprint arXiv:1702.03274},
  year={2017}
}
@article{zhao2016towards,
  title={Towards end-to-end learning for dialog state tracking and management using deep reinforcement learning},
  author={Zhao, Tiancheng and Eskenazi, Maxine},
  journal={arXiv preprint arXiv:1606.02560},
  year={2016}
}
@article{lipton2016efficient,
  title={Efficient exploration for dialogue policy learning with bbq networks \& replay buffer spiking},
  author={Lipton, Zachary C and Gao, Jianfeng and Li, Lihong and Li, Xiujun and Ahmed, Faisal and Deng, Li},
  journal={arXiv preprint arXiv:1608.05081},
  volume={3},
  year={2016}
}
@article{su2016line,
  title={On-line active reward learning for policy optimisation in spoken dialogue systems},
  author={Su, Pei-Hao and Gasic, Milica and Mrksic, Nikola and Rojas-Barahona, Lina and Ultes, Stefan and Vandyke, David and Wen, Tsung-Hsien and Young, Steve},
  journal={arXiv preprint arXiv:1605.07669},
  year={2016}
}
@article{li2016user,
  title={A user simulator for task-completion dialogues},
  author={Li, Xiujun and Lipton, Zachary C and Dhingra, Bhuwan and Li, Lihong and Gao, Jianfeng and Chen, Yun-Nung},
  journal={arXiv preprint arXiv:1612.05688},
  year={2016}
}
@inproceedings{schatzmann2007agenda,
  title={Agenda-based user simulation for bootstrapping a POMDP dialogue system},
  author={Schatzmann, Jost and Thomson, Blaise and Weilhammer, Karl and Ye, Hui and Young, Steve},
  booktitle={Human Language Technologies 2007: The Conference of the North American Chapter of the Association for Computational Linguistics; Companion Volume, Short Papers},
  pages={149--152},
  year={2007}
}
@inproceedings{ren2014markovian,
  title={Markovian discriminative modeling for cross-domain dialog state tracking},
  author={Ren, Hang and Xu, Weiqun and Yan, Yonghong},
  booktitle={2014 IEEE Spoken Language Technology Workshop (SLT)},
  pages={342--347},
  year={2014},
  organization={IEEE}
}
@incollection{ma2016detecting,
  title={Detecting ‘request alternatives’ user dialog acts from dialog context},
  author={Ma, Yi and Fosler-Lussier, Eric},
  booktitle={Situated Dialog in Speech-Based Human-Computer Interaction},
  pages={97--102},
  year={2016},
  publisher={Springer}
}
@inproceedings{kim2014sequential,
  title={Sequential labeling for tracking dynamic dialog states},
  author={Kim, Seokhwan and Banchs, Rafael E},
  booktitle={Proceedings of the 15th Annual Meeting of the Special Interest Group on Discourse and Dialogue (SIGDIAL)},
  pages={332--336},
  year={2014}
}
@inproceedings{lee2013recipe,
  title={Recipe for building robust spoken dialog state trackers: Dialog state tracking challenge system description},
  author={Lee, Sungjin and Eskenazi, Maxine},
  booktitle={Proceedings of the SIGDIAL 2013 Conference},
  pages={414--422},
  year={2013}
}
@inproceedings{ren2014markovian,
  title={Markovian discriminative modeling for dialog state tracking},
  author={Ren, Hang and Xu, Weiqun and Yan, Yonghong},
  booktitle={Proceedings of the 15th Annual Meeting of the Special Interest Group on Discourse and Dialogue (SIGDIAL)},
  pages={327--331},
  year={2014}
}
@inproceedings{henderson2013deep,
  title={Deep neural network approach for the dialog state tracking challenge},
  author={Henderson, Matthew and Thomson, Blaise and Young, Steve},
  booktitle={Proceedings of the SIGDIAL 2013 Conference},
  pages={467--471},
  year={2013}
}
@inproceedings{metallinou2013discriminative,
  title={Discriminative state tracking for spoken dialog systems},
  author={Metallinou, Angeliki and Bohus, Dan and Williams, Jason D},
  booktitle={Proceedings of the 51st Annual Meeting of the Association for Computational Linguistics (Volume 1: Long Papers)},
  pages={466--475},
  year={2013}
}
@inproceedings{kim2013engineering,
  title={Engineering statistical dialog state trackers: A case study on DSTC},
  author={Kim, Daejoong and Choi, Jaedeug Choi and Kim, Kee-Eung and Lee, Jungsu and Sohn, Jinho},
  booktitle={Proceedings of the SIGDIAL 2013 Conference},
  pages={462--466},
  year={2013}
}
@inproceedings{thomson2010parameter,
  title={Parameter learning for POMDP spoken dialogue models},
  author={Thomson, Blaise and Jur{\v{c}}{\'\i}{\v{c}}ek, F and Ga{\v{s}}i{\'c}, M and Keizer, Simon and Mairesse, Fran{\c{c}}ois and Yu, Kai and Young, Steve},
  booktitle={2010 IEEE Spoken Language Technology Workshop},
  pages={271--276},
  year={2010},
  organization={IEEE}
}
@inproceedings{lee2014optimizing,
  title={Optimizing generative dialog state tracker via cascading gradient descent},
  author={Lee, Byung-Jun and Lim, Woosang and Kim, Daejoong and Kim, Kee-Eung},
  booktitle={Proceedings of the 15th Annual Meeting of the Special Interest Group on Discourse and Dialogue (SIGDIAL)},
  pages={273--281},
  year={2014}
}
@inproceedings{kadlec2014knowledge,
  title={Knowledge-based dialog state tracking},
  author={Kadlec, Rudolf and Vodolan, Miroslav and ich Libovick{\`y}, Jind{\v{r}} and Macek, Jan and Kleindienst, Jan},
  booktitle={2014 IEEE Spoken Language Technology Workshop (SLT)},
  pages={348--353},
  year={2014},
  organization={IEEE}
}
@inproceedings{kadlec2014ibm,
  title={IBM’s belief tracker: Results on dialog state tracking challenge datasets},
  author={Kadlec, Rudolf and Libovick{\`y}, Jind{\v{r}}ich and Macek, Jan and Kleindienst, Jan},
  booktitle={Proceedings of the EACL 2014 Workshop on Dialogue in Motion},
  pages={10--18},
  year={2014}
}
@inproceedings{williams2010incremental,
  title={Incremental partition recombination for efficient tracking of multiple dialog states},
  author={Williams, Jason D},
  booktitle={2010 IEEE International Conference on Acoustics, Speech and Signal Processing},
  pages={5382--5385},
  year={2010},
  organization={IEEE}
}
@article{thomson2010bayesian,
  title={Bayesian update of dialogue state: A POMDP framework for spoken dialogue systems},
  author={Thomson, Blaise and Young, Steve},
  journal={Computer Speech \& Language},
  volume={24},
  number={4},
  pages={562--588},
  year={2010},
  publisher={Elsevier}
}
@article{bui2009tractable,
  title={A tractable hybrid ddn--pomdp approach to affective dialogue modeling for probabilistic frame-based dialogue systems},
  author={Bui, Trung H and Poel, Mannes and Nijholt, Anton and Zwiers, Job},
  journal={Natural Language Engineering},
  volume={15},
  number={2},
  pages={273--307},
  year={2009},
  publisher={Cambridge University Press}
}
@article{young2010hidden,
  title={The hidden information state model: A practical framework for POMDP-based spoken dialogue management},
  author={Young, Steve and Ga{\v{s}}i{\'c}, Milica and Keizer, Simon and Mairesse, Fran{\c{c}}ois and Schatzmann, Jost and Thomson, Blaise and Yu, Kai},
  journal={Computer Speech \& Language},
  volume={24},
  number={2},
  pages={150--174},
  year={2010},
  publisher={Elsevier}
}
@inproceedings{henderson2008mixture,
  title={Mixture model POMDPs for efficient handling of uncertainty in dialogue management},
  author={Henderson, James and Lemon, Oliver},
  booktitle={Proceedings of ACL-08: HLT, Short Papers},
  pages={73--76},
  year={2008}
}
@inproceedings{williams2007using,
  title={Using particle filters to track dialogue state},
  author={Williams, Jason D},
  booktitle={2007 IEEE Workshop on Automatic Speech Recognition \& Understanding (ASRU)},
  pages={502--507},
  year={2007},
  organization={IEEE}
}
@inproceedings{young2007hidden,
  title={The hidden information state approach to dialog management},
  author={Young, Steve and Schatzmann, Jost and Weilhammer, Karl and Ye, Hui},
  booktitle={2007 IEEE International Conference on Acoustics, Speech and Signal Processing-ICASSP'07},
  volume={4},
  pages={IV--149},
  year={2007},
  organization={IEEE}
}
@incollection{horvitz1999computational,
  title={A computational architecture for conversation},
  author={Horvitz, Eric and Paek, Tim},
  booktitle={UM99 User Modeling},
  pages={201--210},
  year={1999},
  publisher={Springer}
}
@inproceedings{roy2000spoken,
  title={Spoken dialogue management using probabilistic reasoning},
  author={Roy, Nicholas and Pineau, Joelle and Thrun, Sebastian},
  booktitle={Proceedings of the 38th annual meeting of the association for computational linguistics},
  pages={93--100},
  year={2000}
}
@inproceedings{sun2014generalized,
  title={A generalized rule based tracker for dialogue state tracking},
  author={Sun, Kai and Chen, Lu and Zhu, Su and Yu, Kai},
  booktitle={2014 IEEE Spoken Language Technology Workshop (SLT)},
  pages={330--335},
  year={2014},
  organization={IEEE}
}
@inproceedings{wang2013simple,
  title={A simple and generic belief tracking mechanism for the dialog state tracking challenge: On the believability of observed information},
  author={Wang, Zhuoran and Lemon, Oliver},
  booktitle={Proceedings of the SIGDIAL 2013 Conference},
  pages={423--432},
  year={2013}
}
@inproceedings{liu2015recurrent,
  title={Recurrent neural network structured output prediction for spoken language understanding},
  author={Liu, Bing and Lane, Ian},
  booktitle={Proc. NIPS Workshop on Machine Learning for Spoken Language Understanding and Interactions},
  year={2015}
}
@article{zue2000juplter,
  title={JUPlTER: a telephone-based conversational interface for weather information},
  author={Zue, Victor and Seneff, Stephanie and Glass, James R and Polifroni, Joseph and Pao, Christine and Hazen, Timothy J and Hetherington, Lee},
  journal={IEEE Transactions on speech and audio processing},
  volume={8},
  number={1},
  pages={85--96},
  year={2000},
  publisher={IEEE}
}
@article{larsson2000information,
  title={Information state and dialogue management in the TRINDI dialogue move engine toolkit},
  author={Larsson, Staffan and Traum, David R},
  journal={Natural language engineering},
  volume={6},
  number={3-4},
  pages={323--340},
  year={2000},
  publisher={Cambridge University Press}
}
@article{qin2020multi,
  title={Multi-domain spoken language understanding using domain-and task-aware parameterization},
  author={Qin, Libo and Ni, Minheng and Zhang, Yue and Che, Wanxiang and Li, Yangming and Liu, Ting},
  journal={arXiv preprint arXiv:2004.14871},
  year={2020}
}
@article{chen2019bert,
  title={Bert for joint intent classification and slot filling},
  author={Chen, Qian and Zhuo, Zhu and Wang, Wen},
  journal={arXiv preprint arXiv:1902.10909},
  year={2019}
}
@article{devlin2018bert,
  title={Bert: Pre-training of deep bidirectional transformers for language understanding},
  author={Devlin, Jacob and Chang, Ming-Wei and Lee, Kenton and Toutanova, Kristina},
  journal={arXiv preprint arXiv:1810.04805},
  year={2018}
}
@article{zhang2018joint,
  title={Joint slot filling and intent detection via capsule neural networks},
  author={Zhang, Chenwei and Li, Yaliang and Du, Nan and Fan, Wei and Yu, Philip S},
  journal={arXiv preprint arXiv:1812.09471},
  year={2018}
}
@article{wang2018bi,
  title={A bi-model based rnn semantic frame parsing model for intent detection and slot filling},
  author={Wang, Yu and Shen, Yilin and Jin, Hongxia},
  journal={arXiv preprint arXiv:1812.10235},
  year={2018}
}
@article{qin2019stack,
  title={A stack-propagation framework with token-level intent detection for spoken language understanding},
  author={Qin, Libo and Che, Wanxiang and Li, Yangming and Wen, Haoyang and Liu, Ting},
  journal={arXiv preprint arXiv:1909.02188},
  year={2019}
}
@inproceedings{goo2018slot,
  title={Slot-gated modeling for joint slot filling and intent prediction},
  author={Goo, Chih-Wen and Gao, Guang and Hsu, Yun-Kai and Huo, Chih-Li and Chen, Tsung-Chieh and Hsu, Keng-Wei and Chen, Yun-Nung},
  booktitle={Proceedings of the 2018 Conference of the North American Chapter of the Association for Computational Linguistics: Human Language Technologies, Volume 2 (Short Papers)},
  pages={753--757},
  year={2018}
}
@inproceedings{hakkani2016multi,
  title={Multi-domain joint semantic frame parsing using bi-directional rnn-lstm.},
  author={Hakkani-T{\"u}r, Dilek and T{\"u}r, G{\"o}khan and Celikyilmaz, Asli and Chen, Yun-Nung and Gao, Jianfeng and Deng, Li and Wang, Ye-Yi},
  booktitle={Interspeech},
  pages={715--719},
  year={2016}
}
@article{liu2016joint,
  title={Joint online spoken language understanding and language modeling with recurrent neural networks},
  author={Liu, Bing and Lane, Ian},
  journal={arXiv preprint arXiv:1609.01462},
  year={2016}
}
@article{liu2016attention,
  title={Attention-based recurrent neural network models for joint intent detection and slot filling},
  author={Liu, Bing and Lane, Ian},
  journal={arXiv preprint arXiv:1609.01454},
  year={2016}
}
@inproceedings{zhang2016joint,
  title={A joint model of intent determination and slot filling for spoken language understanding.},
  author={Zhang, Xiaodong and Wang, Houfeng},
  booktitle={IJCAI},
  volume={16},
  pages={2993--2999},
  year={2016}
}
@article{kurata2016leveraging,
  title={Leveraging sentence-level information with encoder lstm for semantic slot filling},
  author={Kurata, Gakuto and Xiang, Bing and Zhou, Bowen and Yu, Mo},
  journal={arXiv preprint arXiv:1601.01530},
  year={2016}
}
@inproceedings{vu2016bi,
  title={Bi-directional recurrent neural network with ranking loss for spoken language understanding},
  author={Vu, Ngoc Thang and Gupta, Pankaj and Adel, Heike and Sch{\"u}tze, Hinrich},
  booktitle={2016 IEEE International Conference on Acoustics, Speech and Signal Processing (ICASSP)},
  pages={6060--6064},
  year={2016},
  organization={IEEE}
}
@inproceedings{yao2014recurrent,
  title={Recurrent conditional random field for language understanding},
  author={Yao, Kaisheng and Peng, Baolin and Zweig, Geoffrey and Yu, Dong and Li, Xiaolong and Gao, Feng},
  booktitle={2014 IEEE International Conference on Acoustics, Speech and Signal Processing (ICASSP)},
  pages={4077--4081},
  year={2014},
  organization={IEEE}
}
@inproceedings{yao2014spoken,
  title={Spoken language understanding using long short-term memory neural networks},
  author={Yao, Kaisheng and Peng, Baolin and Zhang, Yu and Yu, Dong and Zweig, Geoffrey and Shi, Yangyang},
  booktitle={2014 IEEE Spoken Language Technology Workshop (SLT)},
  pages={189--194},
  year={2014},
  organization={IEEE}
}
@article{mesnil2014using,
  title={Using recurrent neural networks for slot filling in spoken language understanding},
  author={Mesnil, Gr{\'e}goire and Dauphin, Yann and Yao, Kaisheng and Bengio, Yoshua and Deng, Li and Hakkani-Tur, Dilek and He, Xiaodong and Heck, Larry and Tur, Gokhan and Yu, Dong and others},
  journal={IEEE/ACM Transactions on Audio, Speech, and Language Processing},
  volume={23},
  number={3},
  pages={530--539},
  year={2014},
  publisher={IEEE}
}
@inproceedings{mesnil2013investigation,
  title={Investigation of recurrent-neural-network architectures and learning methods for spoken language understanding.},
  author={Mesnil, Gr{\'e}goire and He, Xiaodong and Deng, Li and Bengio, Yoshua},
  booktitle={Interspeech},
  pages={3771--3775},
  year={2013}
}
@inproceedings{ravuri2015recurrent,
  title={Recurrent neural network and LSTM models for lexical utterance classification},
  author={Ravuri, Suman and Stolcke, Andreas},
  booktitle={Sixteenth Annual Conference of the International Speech Communication Association},
  year={2015}
}
@inproceedings{xu2013convolutional,
  title={Convolutional neural network based triangular crf for joint intent detection and slot filling},
  author={Xu, Puyang and Sarikaya, Ruhi},
  booktitle={2013 ieee workshop on automatic speech recognition and understanding},
  pages={78--83},
  year={2013},
  organization={IEEE}
}
@book{tur2011spoken,
  title={Spoken language understanding: Systems for extracting semantic information from speech},
  author={Tur, Gokhan and De Mori, Renato},
  year={2011},
  publisher={John Wiley \& Sons}
}

@misc{Authors14,
 author = {FirstName LastName},
 title = {The frobnicatable foo filter},
 note = {Face and Gesture submission ID 324. Supplied as supplemental material {\tt fg324.pdf}},
 year = 2014
}

@misc{Authors14b,
 author = {FirstName LastName},
 title = {Frobnication tutorial},
 note = {Supplied as supplemental material {\tt tr.pdf}},
 year = 2014
}

@article{Alpher02,
author = {FirstName Alpher},
title = {Frobnication},
journal = PAMI,
volume = 12,
number = 1,
pages = {234--778},
year = 2002
}

@article{Alpher03,
author = {FirstName Alpher and  FirstName Fotheringham-Smythe},
title = {Frobnication revisited},
journal = {Journal of Foo},
volume = 13,
number = 1,
pages = {234--778},
year = 2003
}

@article{Alpher04,
author = {FirstName Alpher and FirstName Fotheringham-Smythe and FirstName Gamow},
title = {Can a machine frobnicate?},
journal = {Journal of Foo},
volume = 14,
number = 1,
pages = {234--778},
year = 2004
}

@inproceedings{Alpher05,
author = {FirstName Alpher and FirstName Gamow},
title = {Can a computer frobnicate?},
booktitle = CVPR,
pages = {234--778},
year = 2005
}
